% This file was created with JabRef 2.10.
% Encoding: ISO8859_1


@Article{Hinton2002,
  Title                    = {Training Products of Experts by Minimizing Contrastive Divergence},
  Author                   = {G. Hinton},
  Journal                  = {Neural Comput.},
  Year                     = {2002},
  Pages                    = {1771-1800},
  Volume                   = {14},

  File                     = {Hinton2002.pdf:articles/Hinton2002.pdf:PDF},
  Owner                    = {loppy},
  Timestamp                = {2019.05.09}
}

@Article{TorlaiMelko2016,
  Title                    = {Learning Thermodynamics with Boltzmann Machines},
  Author                   = {G. Torlai and R. G. Melko},
  Journal                  = {{\tt arXiv:1606.02718v1 [cond-mat.stat-mech]}},
  Year                     = {2016},

  File                     = {TorlaiMelko2016_arxiv1606.02718.pdf:articles/TorlaiMelko2016_arxiv1606.02718.pdf:PDF},
  Owner                    = {loppy},
  Timestamp                = {2019.05.09},
  Url                      = {https://arxiv.org/abs/1606.02718}
}

